@ONLINE {who,
    author = "World Health Organization",
    title  = "Suicide Rates among Immigrants to the US and in their Former Country",
    year   = "1996",
    url    = "http://suicidemethods.info/tables/immgrant.htm"
}

@article{ref2,
author = { Augustine J.   Kposowa  and  James P.   McElvain  and  Kevin D.   Breault },
title = {Immigration and Suicide: The Role of Marital Status, Duration of Residence, and Social Integration},
journal = {Archives of Suicide Research},
volume = {12},
number = {1},
pages = {82-92},
year = {2008},
doi = {10.1080/13811110701801044},
    note ={PMID: 18240038},

URL = { 
        http://dx.doi.org/10.1080/13811110701801044
    
},
eprint = { 
        http://dx.doi.org/10.1080/13811110701801044
}
}

@article{ref3,
  title={Suicide in Canada's immigrant population},
  author={Malenfant, Eric C},
  journal={Health Reports},
  volume={15},
  number={2},
  pages={9},
  year={2004},
  publisher={Statistics Canada}
}

@article{ref4,
  title={Suicide in immigrants: an Overview},
  author={Ratkowska, Katarzyna Anna and De Leo, Diego},
  year={2013},
  publisher={Scientific Research Publishing}
}

@article{ref5,
  title={The influences of place of birth and socioeconomic factors on attempted suicide in a defined population of 4.5 million people},
  author={Westman, Jeanette and Hasselstr{\"o}m, Jan and Johansson, Sven-Erik and Sundquist, Jan},
  journal={Archives of general psychiatry},
  volume={60},
  number={4},
  pages={409--414},
  year={2003},
  publisher={American Medical Association}
}

@article{ref6,
  title={Migration from Mexico to the United States and subsequent risk for depressive and anxiety disorders: a cross-national study},
  author={Breslau, Joshua and Borges, Guilherme and Tancredi, Daniel and Saito, Naomi and Kravitz, Richard and Hinton, Ladson and Vega, William and Medina-Mora, Maria Elena and Aguilar-Gaxiola, Sergio},
  journal={Archives of General Psychiatry},
  volume={68},
  number={4},
  pages={428--433},
  year={2011},
  publisher={American Medical Association}
}

@inproceedings{ref7,
  title={You are where you tweet: a content-based approach to geo-locating twitter users},
  author={Cheng, Zhiyuan and Caverlee, James and Lee, Kyumin},
  booktitle={Proceedings of the 19th ACM international conference on Information and knowledge management},
  pages={759--768},
  year={2010},
  organization={ACM}
}

@inproceedings{ref8,
  title={Find me if you can: improving geographical prediction with social and spatial proximity},
  author={Backstrom, Lars and Sun, Eric and Marlow, Cameron},
  booktitle={Proceedings of the 19th international conference on World wide web},
  pages={61--70},
  year={2010},
  organization={ACM}
}

@inproceedings{ref9,
  title={Web-a-where: geotagging web content},
  author={Amitay, Einat and Har'El, Nadav and Sivan, Ron and Soffer, Aya},
  booktitle={Proceedings of the 27th annual international ACM SIGIR conference on Research and development in information retrieval},
  pages={273--280},
  year={2004},
  organization={ACM}
}

@article{ref10,
  title={An Empirical Study of Geographic User Activity Patterns in Foursquare.},
  author={Noulas, Anastasios and Scellato, Salvatore and Mascolo, Cecilia and Pontil, Massimiliano},
  journal={ICwSM},
  volume={11},
  pages={70--573},
  year={2011}
}

@article{ref11,
  title={Exploring Millions of Footprints in Location Sharing Services.},
  author={Cheng, Zhiyuan and Caverlee, James and Lee, Kyumin and Sui, Daniel Z},
  journal={ICWSM},
  volume={2011},
  pages={81--88},
  year={2011}
}

@article{ref12,
  title={A tale of many cities: universal patterns in human urban mobility},
  author={Noulas, Anastasios and Scellato, Salvatore and Lambiotte, Renaud and Pontil, Massimiliano and Mascolo, Cecilia},
  journal={PloS one},
  volume={7},
  number={5},
  pages={e37027},
  year={2012},
  publisher={Public Library of Science}
}

@article{ref13,
  title={Geo-Located Tweets. Enhancing Mobility Maps and Capturing Cross-Border Movement},
  author={Blanford, Justine I and Huang, Zhuojie and Savelyev, Alexander and MacEachren, Alan M},
  journal={PloS one},
  volume={10},
  number={6},
  pages={e0129202},
  year={2015},
  publisher={Public Library of Science}
}

@article{ref14,
  title={Measuring Twitter Sentiment and Implications for Social Psychological Research},
  author={Carr, Jason D},
  journal={Available at SSRN 2499736},
  year={2014}
}

@inproceedings{ref15,
  title={Sentiment analysis of twitter data},
  author={Agarwal, Apoorv and Xie, Boyi and Vovsha, Ilia and Rambow, Owen and Passonneau, Rebecca},
  booktitle={Proceedings of the workshop on languages in social media},
  pages={30--38},
  year={2011},
  organization={Association for Computational Linguistics}
}

@article{ref16,
  title={Where do my emotions belong? A study of immigrantsâ€™ emotional acculturation},
  author={De Leersnyder, Jozefien and Mesquita, Batja and Kim, Heejung S},
  journal={Personality and Social Psychology Bulletin},
  pages={0146167211399103},
  year={2011},
  publisher={SAGE Publications}
}

@article{ref17,
  title={Twitter sentiment analysis: The good the bad and the omg!},
  author={Kouloumpis, Efthymios and Wilson, Theresa and Moore, Johanna D},
  journal={Icwsm},
  volume={11},
  pages={538--541},
  year={2011}
}

@article{ref18,
  title={Modeling public mood and emotion: Twitter sentiment and socio-economic phenomena.},
  author={Bollen, Johan and Mao, Huina and Pepe, Alberto},
  journal={ICWSM},
  volume={11},
  pages={450--453},
  year={2011}
}

@inproceedings{ref19,
  title={Twitter as a Corpus for Sentiment Analysis and Opinion Mining.},
  author={Pak, Alexander and Paroubek, Patrick},
  booktitle={LREc},
  volume={10},
  pages={1320--1326},
  year={2010}
}

@inproceedings{ref20,
  title={Characterizing and predicting postpartum depression from shared facebook data},
  author={De Choudhury, Munmun and Counts, Scott and Horvitz, Eric J and Hoff, Aaron},
  booktitle={Proceedings of the 17th ACM conference on Computer supported cooperative work \& social computing},
  pages={626--638},
  year={2014},
  organization={ACM}
}

@techreport{ref21,
  title={How much should we trust differences-in-differences estimates?},
  author={Bertrand, Marianne and Duflo, Esther and Mullainathan, Sendhil},
  year={2002},
  institution={National Bureau of Economic Research}
}

@ONLINE{ref22,
    author = "Jie Zong , Jeanne Batalova",
    title  = "Migration Policy Institute",
    month  = "apr",
    year   = "2016",
    url    = "http://goo.gl/huH7IO"
}

@ONLINE{ref23,
    author = "Randall Monger, James Yankay",
    title  = "U.S. Lawful Permanent Residents",
    month  = "may",
    year   = "2014",
    url    = "https://www.dhs.gov/sites/default/files/publications/ois_lpr_fr_2013.pdf"
}

@article{ref24,
  title={Semiparametric difference-in-differences estimators},
  author={Abadie, Alberto},
  journal={The Review of Economic Studies},
  volume={72},
  number={1},
  pages={1--19},
  year={2005},
  publisher={Oxford University Press}
}